@article{qzmi,
author = {Chen, Beijing and Shu, Huazhong and Zhang, Hui and Chen, Gang and Toumoulin, Christine and Dillenseger, Jean-Louis and Luo, Limin},
year = {2012},
month = {02},
pages = {308-318},
title = {Quaternion Zernike moments and their invariants for color image analysis and object recognition},
volume = {92},
journal = {Signal Processing},
doi = {10.1016/j.sigpro.2011.07.018}
}

@ARTICLE{zernike_moments,  author={A. {Khotanzad} and Y. H. {Hong}},  journal={IEEE Transactions on Pattern Analysis and Machine Intelligence},  title={Invariant image recognition by Zernike moments},   year={1990},  volume={12},  number={5},  pages={489-497},}

@INPROCEEDINGS{qzm,  author={B. {Chen} and H. {Shu} and H. {Zhang} and G. {Chen} and L. {Luo}},  booktitle={2010 20th International Conference on Pattern Recognition},  title={Color Image Analysis by Quaternion Zernike Moments},   year={2010},  volume={},  number={},  pages={625-628},}

@article {med_app_1,
	Title = {Pathological brain detection in MRI scanning by wavelet packet Tsallis entropy and fuzzy support vector machine},
	Author = {Zhang, Yu-Dong and Wang, Shui-Hua and Yang, Xiao-Jun and Dong, Zheng-Chao and Liu, Ge and Phillips, Preetha and Yuan, Ti-Fei},
	DOI = {10.1186/s40064-015-1523-4},
	Volume = {4},
	Year = {2015},
	Journal = {SpringerPlus},
	ISSN = {2193-1801},
	Pages = {716},
	URL = {https://europepmc.org/articles/PMC4656268},
}

@article{med_app_2,
title = "A micro-XRT image analysis and machine learning methodology for the characterisation of multi-particulate capsule formulations",
journal = "International Journal of Pharmaceutics: X",
volume = "2",
pages = "100041",
year = "2020",
issn = "2590-1567",
doi = "https://doi.org/10.1016/j.ijpx.2020.100041",
url = "http://www.sciencedirect.com/science/article/pii/S2590156720300013",
author = "Frederik J.S. Doerr and Alastair J. Florence",
}

@article{app1,
author = {Zhang, Feng and Liu, Shang-qian and Wang, Da-bao and Guan, Wei},
year = {2009},
month = {03},
pages = {313-318},
title = {Aircraft recognition in infrared image using wavelet moment invariants},
volume = {27},
journal = {Image and Vision Computing},
doi = {10.1016/j.imavis.2008.08.007}
}

@article{app2,
title = "Template matching using the parametric template vector with translation, rotation and scale invariance",
author = "Lin, Yi Hsien and Chin-Hsing Chen",
year = "2008",
month = jul,
day = "1",
doi = "10.1016/j.patcog.2008.01.017",
language = "English",
volume = "41",
pages = "2413--2421",
journal = "Pattern Recognition",
issn = "0031-3203",
publisher = "Elsevier Limited",
number = "7",
}

@article{app3,
title = "Moment invariants for recognition under changing viewpoint and illumination",
journal = "Computer Vision and Image Understanding",
volume = "94",
number = "1",
pages = "3 - 27",
year = "2004",
note = "Special Issue: Colour for Image Indexing and Retrieval",
issn = "1077-3142",
doi = "https://doi.org/10.1016/j.cviu.2003.10.011",
url = "http://www.sciencedirect.com/science/article/pii/S1077314203001930",
author = "Florica Mindru and Tinne Tuytelaars and Luc Van Gool and Theo Moons",
keywords = "Color, Moment invariants, Recognition, Viewpoint changes, Illumination changes",
}