@book{moment_book,
author = {Mukundan, R. and Ramakrishnan, K. R.},
title = {Moment Functions in Image Analysis — Theory and Applications},
publisher = {World Scientific},
year = {1998},
}

@article{fourier,
author = {Lui, Y. and Zhang, S. and Li, G. and Wang, H. and Yang, J.},
year = {2020},
pages = {1551-1567},
title = {Accurate quaternion radial harmonic Fourier moments for color image reconstruction and object recognition},
volume = {23},
number = {4},
journal = {Pattern Analysis and Applications},
}

@article{qzmi,
author = {Chen, B. and Shu, H. and Zhang, H. and Chen, G. and Toumoulin, C. and Dillenseger, J.-L. and Luo, L.},
year = {2012},
pages = {308-318},
title = {Quaternion Zernike moments and their invariants for color image analysis and object recognition},
volume = {92},
journal = {Signal Processing},
}

@article{signal_proc_manu,
author = {Nagy, G. and Németh, Zs.},
year = {},
pages = {},
title = {Robust quaternion Zernike moments for color image analysis and recognition},
volume = {},
journal = {Signal Processing},
note = {manuscript},
}

@article{zernike_moments,  
author={A. {Khotanzad} and Y. H. {Hong}},  
journal={IEEE Transactions on Pattern Analysis and Machine Intelligence},  
title={{Invariant image recognition by Zernike moments}},   
year={1990},  
volume={12},  
number={5},  
pages={489-497}
}

@article{qzm,  
author={B. {Chen} and H. {Shu} and H. {Zhang} and G. {Chen} and L. {Luo}},  
journal={In Proceedings of the 20th International Conference on Pattern Recognition},  
title={{Color Image Analysis by Quaternion Zernike Moments}},   
year={2010},  
volume={},  
number={},  
pages={625-628}
}

@article {med_app_1,
	Author = {Zhang, Y. and Wang, S. and Yang, X. and Dong, Z. and Liu, G. and Phillips, P. and Yuan, T.-F.},
	Title = {{Pathological brain detection in MRI scanning by wavelet packet Tsallis entropy and fuzzy support vector machine}},
	Journal = {SpringerPlus},
	Volume = {4},
	number = {1},
	Year = {2015},
	Pages = {716},
}

@article{med_app_2,
title = "A micro-XRT image analysis and machine learning methodology for the characterisation of multi-particulate capsule formulations",
journal = "International Journal of Pharmaceutics: X",
volume = "2",
pages = "100041",
year = "2020",
issn = "2590-1567",
doi = "https://doi.org/10.1016/j.ijpx.2020.100041",
url = "http://www.sciencedirect.com/science/article/pii/S2590156720300013",
author = "Frederik J.S. Doerr and Alastair J. Florence",
}

@article{app1,
author = {Zhang, F. and Liu, S.-Q. and Wang, D.-B. and Guan, W.},
year = {2009},
pages = {313-318},
title = {{Aircraft recognition in infrared image using wavelet moment invariants}},
volume = {27},
journal = {Image and Vision Computing},
}

@article{app2,
title = {{Template matching using the parametric template vector with translation, rotation and scale invariance}},
author = "Lin, Y. H. and C. Chen",
year = "2008",
volume = "41",
pages = "2413-2421",
journal = "Pattern Recognition",
number = "7",
}

@article{app3,
title = {{Moment invariants for recognition under changing viewpoint and illumination}},
journal = "Computer Vision and Image Understanding",
volume = "94",
number = "1",
pages = "3 - 27",
year = "2004",
author = "F. Mindru and T. Tuytelaars and L. V. Gool and T. Moons",
}

@article{qfmm,
title = {{Quaternion Fourier–Mellin moments for color images}},
journal = "Pattern Recognition",
volume = "44",
number = "2",
pages = "187 - 195",
year = "2011",

author = "L.-Q. Guo and M. Zhu"
}

@article{chebyshev-fourier,
title = {{Image analysis by generalized Chebyshev–Fourier and generalized pseudo-Jacobi–Fourier moments}},
journal = "Pattern Recognition",
volume = "51",
pages = "1 - 11",
year = "2016",
author = "H. Zhu and Y. Yang and Z. Gui and Y. Zhu and Z. Chen"
}

@article{zernike,
title = {{Beugungstheorie des Schneidenver-fahrens und seiner verbesserten Form, der Phasenkontrastmethode}},
journal = "Physica",
volume = "1",
number = "7",
pages = "689 - 704",
year = "1934",
author = "F. Zernike"
}

@article{affine_color,
author="Suk, T.
and Flusser, J.",
title={{Affine Moment Invariants of Color Images}},
journal="In Proceedings of the 13th International Conference on Computer Analysis of Images and Patterns",
year="2009",
pages="334--341",
}

@article{kintner,
title = {{A comparative analysis of algorithms for fast computation of Zernike moments}},
journal = "Pattern Recognition",
volume = "36",
number = "3",
pages = "731 - 742",
year = "2003",
author = "C. Chong and P. Raveendran and R. Mukundan",
}

@misc{python,
	title = {{The Python Language Reference}},
	author = {Python Software Foundation},
	year = 2020,
	howpublished = {https://docs.python.org/3/reference/},
	note = "[Accessed: 2020.05.06.]"
}

@misc{numpy,
	title = {{NumPy v1.18 Manual}},
	author = {{The SciPy community}},
	year = 2020,
	howpublished = {https://numpy.org/doc/stable/},
	note = "[Accessed: 2020.05.06.]"
}

@misc{numba,
	title = {{Numba Reference Manual}},
	author = {{Anaconda Inc.} and others},
	year = 2020,
	howpublished = {http://numba.pydata.org/numba-doc/latest/reference/index.html},
	note = "[Accessed: 2020.05.06.]"
}

@misc{pil,
	title = {{Pillow Reference Manual}},
	author = {A. Clark and others},
	year = 2020,
	howpublished = {https://pillow.readthedocs.io/en/stable/},
	note = "[Accessed: 2020.05.06.]"
}

@article{schipp,
author = {Pap, M. and Schipp, F.},
year = {2005},
pages = {137-144},
title = {{Discrete orthogonality of Zernike functions}},
volume = {16},
number = {1},
journal = {Mathematica Pannonica}
}

@article{legendre_algo,
author = {Glaser, A. and Liu, X. and Rokhlin, V.},
year = {2007},
pages = {1420-1438},
title = {{A Fast Algorithm for the Calculation of the Roots of Special Functions}},
volume = {29},
journal = {SIAM Journal on Scientific Computing}
}

@article{gauss,
place={Göttingen},
title={Methodus nova integralium valores per approximationem inveniendi},
publisher={H. Dieterich (Gottingae)},
author={Gauss, Carl Friedrich},
year={1815},
}

@misc{usc_sipi,
	title = {{The USC-SIPI Image Database}},
	howpublished = {http://sipi.usc.edu/database},
	note = "[Accessed: 2020.05.09.]"
}

@book{Hamilton,
  author    = {W. R. Hamilton},
  title     = {Elements of Quaternions},
  publisher = {Longmans, Green \& Co., London, U.K.},
  year      = {1866}
}

@ARTICLE{EllSangwine,
  author={T. A. {Ell} and S. J. {Sangwine}},
  journal={IEEE Transactions on Image Processing}, 
  title={{Hypercomplex Fourier Transforms of Color Images}}, 
  year={2007},
  volume={16},
  number={1},
  pages={22-35}
}

@article {aloi,
	title = {{ALOI: Amsterdam Library of Object Images}},
	author={J. M. Geusebroek and G. J. Burghouts and A. W. M. Smeulders},
	journal={International Journal of Computer Vision},
	pages={103-122},
	volume={61},
	number = {1},
	year={2005},
}
@article{coil,
  author  = {S. A. Nene and S. K. Nayar and H. Murase},
  title   = {{Columbia Object Image Library (COIL-100)}},
  journal = {Technical Report CUCS-006-96},
  volume  = {},
  number  = {},
  year    = {1996}
}

@article{Chong,
title = {{Translation invariants of Zernike moments}},
journal = "Pattern Recognition",
volume = "36",
number = "8",
pages = "1765 - 1773",
year = "2003",
author = "C.-W. Chong and P. Raveendran and R. Mukundan",
}

@article{Li,
 author={Y. N. {Li}}, 
 journal={IEEE Signal Processing Letters}, 
 title={{Quaternion Polar Harmonic Transforms for Color Images}},   
 year={2013},  
 volume={20},  
 number={8},  
 pages={803-806}
}

@article{Guo,
title = "Quaternion moment and its invariants for color object classification",
journal = "Information Sciences",
volume = "273",
pages = "132 - 143",
year = "2014",
author = "L. Guo and M. Dai and M. Zhu",
}

@article{Shao,
title = {{Quaternion Bessel–Fourier moments and their invariant descriptors for object reconstruction and recognition}},
journal = "Pattern Recognition",
volume = "47",
number = "2",
pages = "603 - 611",
year = "2014",
author = "Z. Shao and H. Shu and J. Wu and B. Chen and J. L. Coatrieux",
}

@article{Wang,
title = {{Invariant quaternion radial harmonic Fourier moments for color image retrieval}},
journal = "Optics \& Laser Technology",
volume = "66",
pages = "78 - 88",
year = "2015",
author = "Wang, X. and Li, W. and Yang, H. and Niu, P. and Li, Y.",
}

@article{Singh,
title = {{Quaternion generalized Chebyshev-Fourier and pseudo-Jacobi-Fourier moments for color object recognition}},
journal = "Optics \& Laser Technology",
volume = "106",
pages = "234 - 250",
year = "2018",
author = "C. Singh and J. Singh",
}

@article{Yang,
title = {{Quaternion weighted spherical Bessel-Fourier moment and its invariant for color image reconstruction and object recognition}},
journal = "Information Sciences",
volume = "505",
pages = "388 - 405",
year = "2019",
author = "T. Yang and J. Ma and Y. Miao and X. Wang and B. Xiao and B. He and Q. Meng"
}

@article{LiaoPawlak,
author = {Liao, S. and Pawlak, M.},
year = {1999},
pages = {1358 - 1364},
title = {{On the accuracy of Zernike moments for image analysis}},
volume = {20},
journal = {IEEE Transactions on Pattern Analysis and Machine Intelligence},
}

@article{PawlakLiao,
author = {Pawlak, M. and Liao, S.},
year = {2002},
pages = {2736 - 2753},
title = {On the recovery of a function on a circular domain},
volume = {48},
journal = {IEEE Transactions on Information Theory},
}

@ARTICLE{Xin,  
author={Y. {Xin} and M. {Pawlak} and S. {Liao}},  
journal={IEEE Transactions on Image Processing},   
title={{Accurate Computation of Zernike Moments in Polar Coordinates}},   
year={2007},  
volume={16},  
number={2},  
pages={581-587},
}

@article{HosnyLegendre,
author = {Hosny, K. and Darwish, M.},
year = {2019},
volume = {22},
number = {3},
pages = {1105 - 1122},
title = {{Invariant color images representation using accurate quaternion Legendre–Fourier moments}},
journal = {Pattern Analysis and Applications}
}

@article{HosnyChebyshev,
author = {Hosny, K. and Darwish, M.},
year = {2018},
pages = {717 - 736},
title = {New Set of Quaternion Moments for Color Images Representation and Recognition},
journal = {Journal of Mathematical Imaging and Vision},
volume = {60}
}

@article{WangAcc,
author = {C. Wang and X. Wang and Z. Xia},
year = {2016},
pages = {10-23},
title = {{Geometrically invariant image watermarking based on fast Radial Harmonic Fourier Moments}},
volume = {45},
journal = {Signal Processing: Image Communication},
}

@article{LiuAcc,
author = {Liu, Y. and Zhang, S. and Li, G. and Wang, H. and Yang, J.},
year = {2020},
title = {{Accurate quaternion radial harmonic Fourier moments for color image reconstruction and object recognition}},
journal = {Pattern Analysis and Applications},
doi = {10.1007/s10044-020-00877-6}
}

@book{Szego,
  author    = {G. Szeg\H o},
  editor    = {},
  title     = {Orthogonal Polynomials},
  publisher = {Amer. Math. Soc. Colloq. Publ. 23, AMS, Cambridge, R.I.},
  year = {1967},
}

@article{wavefront,
author = {Wyant, J. C. and Creath, K.},
year = {1992},
pages = {2-55},
title = {{Basic Wavefront Aberration Theory for Optical Metrology}},
volume = {11},
journal = {Applied Optics and Optical Engineering}
}

@article{optical_human_eye,
  title={{Preliminary Results of an Instrument for Measuring the Optical Aberrations of the Human Eye}},
  author={L. A. V. de Carvalho and J. C. de Castro},
  journal = {Brasilian Journal of Physics},
  year={2003},
  volume = {33},
  number = {1},
  pages = {140-147}
}

@article{opt_surf,
author = {V. L. Genberg},
title = {{Optical Surface Evaluation}},
journal = {In Proceedings of SPIE 0450, Structural Mechanics of Optical Systems I},
pages = {81 -- 87},
year = {1984},
}

@article{watermarking_auth,
author = {Shojanazeri, H. and W. A. W. Adnan and Ahmad, S. and Rahimipour, S.},
year = {2015},
pages = {577-606},
title = {{Authentication of images using Zernike moment watermarking}},
volume = {76},
journal = {Multimedia Tools and Applications},
}

@article{robust_watermarking,
title = {{Robust image watermarking using local Zernike moments}},
journal = "Journal of Visual Communication and Image Representation",
volume = "20",
number = "6",
pages = "408 - 419",
year = "2009",
author = "N. Singhal and Y. Lee and C. Kim and S. Lee",
}

@article{invariant_watermark,
author = {Kim, H. S. and Lee, H.-K.},
title = {{Invariant Image Watermark Using Zernike Moments}},
year = {2003},
volume = {13},
number = {8},
journal = {IEEE Transactions on Circuits and Systems for Video Technology},
pages = {766–775},
numpages = {10}
}

@article{pattern_recognition,
title = {{Pattern recognition with moment invariants: A comparative study and new results}},
journal = "Pattern Recognition",
volume = "24",
number = "12",
pages = "1117 - 1138",
year = "1991",
author = "S. O. Belkasim and M. Shridhar and M. Ahmadi",
}
  
@article{hand_vein,
author = {R. Castro-Ortega and C. Toxqui-Quitl and A. Padilla-Vivanco and J. F. Solís-Villarreal and E. E. Orozco-Guillén},
title = {{Zernike moment invariants for hand vein pattern description from raw biometric data}},
volume = {28},
journal = {Journal of Electronic Imaging},
number = {5},
pages = {1 -- 11},
year = {2019},
}

@article{nn_robust,
author = {Zheng, S. and Song, Y. and Leung, T. and Goodfellow, I.},
year = {2016},
pages = {4480 - 4488},
journal = {In Proceedings of the 2016 IEEE Conference on Computer Vision and Pattern Recognition},
title = {{Improving the Robustness of Deep Neural Networks via Stability Training}},
}

@article{nn_noise_robust,
author = {Liu, M. and Liu, S. and Su, H. and Cao, K. and Zhu, J.},
year = {2018},
pages = {60-71},
journal = {IEEE Symposium on Visual Analytics Science and Technology (VAST)},
title = {{Analyzing the Noise Robustness of Deep Neural Networks}},
}

@article{zernike_nn,
author = {Saaidia, M. and Sylvie, L. and Vigneron, V.},
year = {2007},
volume = {},
pages = {36-41},
title = {{Face detection by neural network trained with Zernike moments}},
journal = {In Proceedings of the 6th WSEAS International Conference on Signal Processing, Robotics and Automation}
}

@article{zernike_nn2,
author = {Carvalho, L.},
year = {2005},
pages = {151-8},
title = {{Preliminary Results of Neural Networks and Zernike Polynomials for Classification of Videokeratography Maps}},
volume = {82},
journal = {Optometry and vision science : official publication of the American Academy of Optometry},
}

@article{zernike_lidar,
author={B. {Ma} and Y. {Zhang} and S. {Tian}},  
journal={2018 IEEE International Geoscience and Remote Sensing Symposium},   
title={{Building Reconstrucion Using Three-Dimensional Zernike Moments in Digital Surface Model}},   
year={2018},  
pages={1324-1327},
}