@article{LiuAcc,
author = {Liu, Y. and others},
year = {2020},
title = {{Accurate quaternion radial harmonic Fourier moments for color image reconstruction and object recognition}},
journal = {Pattern Analysis and Applications},
}

@article{watermarking_auth,
author = {Shojanazeri, H. and others},
year = {2015},
pages = {577-606},
title = {{Authentication of images using Zernike moment watermarking}},
volume = {76},
journal = {Multimedia Tools and Applications},
}

@article{nn_noise_robust,
author = {Liu, M. and others},
year = {2018},
volume = {},
pages = {60-71},
journal = {IEEE Symposium on Visual Analytics Science and Technology (VAST)},
title = {{Analyzing the Noise Robustness of Deep Neural Networks}},
}

@article{wavefront,
author = {Wyant, J. C. and Creath, K.},
year = {1992},
pages = {2-55},
title = {{Basic Wavefront Aberration Theory for Optical Metrology}},
volume = {11},
journal = {Applied Optics and Optical Engineering}
}

@article{qzmi,
author = {Chen, B. and others},
year = {2012},
pages = {308-318},
title = {Quaternion Zernike moments and their invariants for color image analysis and object recognition},
volume = {92},
journal = {Signal Processing},
}